<?xml version="1.0" encoding="UTF-8"?><record xmlns="http://www.loc.gov/MARC21/slim" xmlns:cinclude="http://apache.org/cocoon/include/1.0" xmlns:zs="http://www.loc.gov/zing/srw/">
  <leader>00826cz  a2200193n  4500</leader>
  <controlfield tag="001">no2015156823</controlfield>
  <controlfield tag="003">DLC</controlfield>
  <controlfield tag="005">20161231073638.0</controlfield>
  <controlfield tag="008">151124n| azannaabn          |a ana     c</controlfield>
  <datafield tag="010" ind1=" " ind2=" ">
    <subfield code="a">no2015156823</subfield>
  </datafield>
  <datafield tag="035" ind1=" " ind2=" ">
    <subfield code="a">(OCoLC)oca10328148</subfield>
  </datafield>
  <datafield tag="040" ind1=" " ind2=" ">
    <subfield code="a">DLC-S</subfield>
    <subfield code="b">eng</subfield>
    <subfield code="e">rda</subfield>
    <subfield code="c">DLC-S</subfield>
    <subfield code="d">DLC-S</subfield>
  </datafield>
  <datafield tag="111" ind1="2" ind2=" ">
    <subfield code="a">Grand Group Art Exhibition of Reputed Bangladesh &amp; Foreign Artists</subfield>
  </datafield>
  <datafield tag="370" ind1=" " ind2=" ">
    <subfield code="e">Dhaka (Bangladesh)</subfield>
    <subfield code="2">naf</subfield>
  </datafield>
  <datafield tag="377" ind1=" " ind2=" ">
    <subfield code="a">eng</subfield>
  </datafield>
  <datafield tag="377" ind1=" " ind2=" ">
    <subfield code="a">ben</subfield>
  </datafield>
  <datafield tag="411" ind1="2" ind2=" ">
    <subfield code="a">Grand Group Art Exhibition of Reputed Bangladesh and Foreign Artists</subfield>
  </datafield>
  <datafield tag="511" ind1="2" ind2=" ">
    <subfield code="w">b</subfield>
    <subfield code="a">Grand Group Art Exhibition of Reputed Bangladeshi Artists</subfield>
  </datafield>
  <datafield tag="670" ind1=" " ind2=" ">
    <subfield code="a">Grand Group Art Exhibition of Reputed Bangladesh &amp; Foreign Artists. A grand group art exhibition of reputed Bangladeshi &amp; foreign artists, 1997:</subfield>
    <subfield code="b">title page (Grand Group Art Exhibition of Reputed Bangladesh &amp; Foreign Artists)</subfield>
  </datafield>
</record>